@article {ZDHZ_TheLieCoalgebraOfMultiplePolylogarithms,
    AUTHOR = {Greenberg, Zachary and Kaufman, Dani and Li, Haoran and
              Zickert, Christian K.},
     TITLE = {The {L}ie coalgebra of multiple polylogarithms},
   JOURNAL = {J. Algebra},
  FJOURNAL = {Journal of Algebra},
    VOLUME = {645},
      YEAR = {2024},
     PAGES = {164--182},
      ISSN = {0021-8693},
   MRCLASS = {11G55 (14D07 17B62 19E15 32G20)},
  MRNUMBER = {4708531},
       DOI = {10.1016/j.jalgebra.2024.01.030},
       URL = {https://doi.org/10.1016/j.jalgebra.2024.01.030},
}

@article {ZDHZ_HopfAlgebrasOfMultiplePolylogarithmsAndHolomorphicOneForms,
    AUTHOR = {Greenberg, Zachary and Kaufman, Dani and Li, Haoran and
              Zickert, Christian K.},
     TITLE = {Hopf algebras of multiple polylogarithms, and holomorphic 1-forms},
   JOURNAL = {arxiv.org/abs/2211.08337},
}

@article {golden_clusterPolylogarithmsForScattering,
    AUTHOR = {Golden, John and Paulos, Miguel F. and Spradlin, Marcus and
              Volovich, Anastasia},
     TITLE = {Cluster polylogarithms for scattering amplitudes},
   JOURNAL = {J. Phys. A},
  FJOURNAL = {Journal of Physics. A. Mathematical and Theoretical},
    VOLUME = {47},
      YEAR = {2014},
    NUMBER = {47},
     PAGES = {474005, 21},
      ISSN = {1751-8113},
   MRCLASS = {81T13},
  MRNUMBER = {3279996},
MRREVIEWER = {Matthew B. Young},
       DOI = {10.1088/1751-8113/47/47/474005},
       URL = {https://doi.org/10.1088/1751-8113/47/47/474005},
}

@incollection {Zagier_TheDilogarithm,
    AUTHOR = {Zagier, Don},
     TITLE = {The dilogarithm function},
 BOOKTITLE = {Frontiers in number theory, physics, and geometry. {II}},
     PAGES = {3--65},
 PUBLISHER = {Springer, Berlin},
      YEAR = {2007},
   MRCLASS = {33B30 (11G55)},
  MRNUMBER = {2290758},
MRREVIEWER = {David M. Bradley},
       DOI = {10.1007/978-3-540-30308-4\_1},
       URL = {https://doi.org/10.1007/978-3-540-30308-4_1},
}

@article {zickert_dilogarithmCCCclass,
    AUTHOR = {Dupont, Johan L. and Zickert, Christian K.},
     TITLE = {A dilogarithmic formula for the {C}heeger-{C}hern-{S}imons
              class},
   JOURNAL = {Geom. Topol.},
  FJOURNAL = {Geometry and Topology},
    VOLUME = {10},
      YEAR = {2006},
     PAGES = {1347--1372},
      ISSN = {1465-3060},
   MRCLASS = {58J28 (11G55 57M27 57T10 57T30)},
  MRNUMBER = {2255500},
MRREVIEWER = {Jerzy Browkin},
       DOI = {10.2140/gt.2006.10.1347},
       URL = {https://doi.org/10.2140/gt.2006.10.1347},
}

@incollection {Deligne_InterpretationMotiviqueDeLaConjectureDeZagierReliantPolylogarithmesEtRegulateurs,
    AUTHOR = {Be\u{\i}linson, A. and Deligne, P.},
     TITLE = {Interpr\'{e}tation motivique de la conjecture de {Z}agier reliant
              polylogarithmes et r\'{e}gulateurs},
 BOOKTITLE = {Motives ({S}eattle, {WA}, 1991)},
    SERIES = {Proc. Sympos. Pure Math.},
    VOLUME = {55},
     PAGES = {97--121},
 PUBLISHER = {Amer. Math. Soc., Providence, RI},
      YEAR = {1994},
   MRCLASS = {19F27 (11G09 14A20 33E20)},
  MRNUMBER = {1265552},
MRREVIEWER = {Jerzy Browkin},
       DOI = {10.1090/pspum/055.2/1265552},
       URL = {https://doi.org/10.1090/pspum/055.2/1265552},
}

@incollection {GoncharovMotivicGalois,
    AUTHOR = {Goncharov, A. B.},
     TITLE = {Polylogarithms and motivic {G}alois groups},
 BOOKTITLE = {Motives ({S}eattle, {WA}, 1991)},
    SERIES = {Proc. Sympos. Pure Math.},
    VOLUME = {55},
     PAGES = {43--96},
 PUBLISHER = {Amer. Math. Soc., Providence, RI},
      YEAR = {1994},
   MRCLASS = {19F15 (11G09 11R42 11R70 19E20)},
  MRNUMBER = {1265551},
MRREVIEWER = {Richard M. Hain},
       DOI = {10.1090/pspum/055.2/1265551},
       URL = {https://doi.org/10.1090/pspum/055.2/1265551},
}

@article {Goncharov_GaloisSymmetriesOfFundamentalGroupoidsAndNoncommutativeGeometry,
    AUTHOR = {Goncharov, A. B.},
     TITLE = {Galois symmetries of fundamental groupoids and noncommutative
              geometry},
   JOURNAL = {Duke Math. J.},
  FJOURNAL = {Duke Mathematical Journal},
    VOLUME = {128},
      YEAR = {2005},
    NUMBER = {2},
     PAGES = {209--284},
      ISSN = {0012-7094},
   MRCLASS = {11G55 (11G09 14C30 16W30 19E15 20F34)},
  MRNUMBER = {2140264},
MRREVIEWER = {Matilde Marcolli},
       DOI = {10.1215/S0012-7094-04-12822-2},
       URL = {https://doi.org/10.1215/S0012-7094-04-12822-2},
}

@book {Zhao_MultipleZetaFunctionsMultiplePolylogarithmsAndTheirSpecialValues,
    AUTHOR = {Zhao, Jianqiang},
     TITLE = {Multiple zeta functions, multiple polylogarithms and their
              special values},
    SERIES = {Series on Number Theory and its Applications},
    VOLUME = {12},
 PUBLISHER = {World Scientific Publishing Co. Pte. Ltd., Hackensack, NJ},
      YEAR = {2016},
     PAGES = {xxi+595},
      ISBN = {978-981-4689-39-7},
   MRCLASS = {33-02 (11M32)},
  MRNUMBER = {3469645},
MRREVIEWER = {Julio Andrade},
       DOI = {10.1142/9634},
       URL = {https://doi.org/10.1142/9634},
}

@article{GoncharovRudenko,
Author = {Goncharov, Alexander B. and Rudenko, Daniil},
Title = {Motivic correlators, cluster varieties and {Z}agier's conjecture on zeta({F},4)},
Year = {2018},
Journal = {arXiv:1803.08585},
}

@article{Rudenko_ClusterPolylogarithmsIQuadrangularPolylogarithms,
Author = {Andrei Matveiakin and Daniil Rudenko},
Title = {Cluster Polylogarithms I: Quadrangular Polylogarithms},
Year = {2022},
Journal = {arXiv:2208.01564},
}

@article {Zickert_HolomorphicPolylogarithmsAndBlochComplexes,
    AUTHOR = {Zickert, Christian K.},
     TITLE = {Holomorphic polylogarithms and {B}loch complexes},
   JOURNAL = {J. Reine Angew. Math.},
  FJOURNAL = {Journal f\"{u}r die Reine und Angewandte Mathematik. [Crelle's
              Journal]},
    VOLUME = {797},
      YEAR = {2023},
     PAGES = {155--192},
      ISSN = {0075-4102},
   MRCLASS = {14F42 (11G55 13F60 14M15)},
  MRNUMBER = {4565949},
MRREVIEWER = {B. Sury},
       DOI = {10.1515/crelle-2023-0003},
       URL = {https://doi.org/10.1515/crelle-2023-0003},
}

@article {CharltonDuhrGangl_SingleValuedPolylogs,
    AUTHOR = {Charlton, Steven and Duhr, Claude and Gangl, Herbert},
     TITLE = {Clean single-valued polylogarithms},
   JOURNAL = {SIGMA Symmetry Integrability Geom. Methods Appl.},
  FJOURNAL = {SIGMA. Symmetry, Integrability and Geometry. Methods and
              Applications},
    VOLUME = {17},
      YEAR = {2021},
     PAGES = {Paper No. 107, 34},
   MRCLASS = {11G55 (11M32 33B30 39B32)},
  MRNUMBER = {4350331},
       DOI = {10.3842/SIGMA.2021.107},
       URL = {https://doi.org/10.3842/SIGMA.2021.107},
}

@article {Grothendieck_OnTheDeRhamCohomologyOfAlgebraicVarieties,
    AUTHOR = {Grothendieck, A.},
     TITLE = {On the de {R}ham cohomology of algebraic varieties},
   JOURNAL = {Inst. Hautes \'{E}tudes Sci. Publ. Math.},
  FJOURNAL = {Institut des Hautes \'{E}tudes Scientifiques. Publications
              Math\'{e}matiques},
    NUMBER = {29},
      YEAR = {1966},
     PAGES = {95--103},
      ISSN = {0073-8301},
   MRCLASS = {14.55 (32.44)},
  MRNUMBER = {199194},
MRREVIEWER = {M. F. Atiyah},
       URL = {http://www.numdam.org/item?id=PMIHES_1966__29__95_0},
}

@article{ZackThesis,
Author={Greenberg, Zachary},
Title={Cluster algebras and polylogarithm relations},
Year={2021},
Journal={PhD thesis},
}

@article {DeligneGoncharov_GroupesFondamentauxMotiviquesDeTateMixte,
    AUTHOR = {Deligne, Pierre and Goncharov, Alexander B.},
     TITLE = {Groupes fondamentaux motiviques de {T}ate mixte},
   JOURNAL = {Ann. Sci. \'{E}cole Norm. Sup. (4)},
  FJOURNAL = {Annales Scientifiques de l'\'{E}cole Normale Sup\'{e}rieure. Quatri\`eme
              S\'{e}rie},
    VOLUME = {38},
      YEAR = {2005},
    NUMBER = {1},
     PAGES = {1--56},
      ISSN = {0012-9593},
   MRCLASS = {11G55 (14F42 14G10 19F27)},
  MRNUMBER = {2136480},
MRREVIEWER = {Tam\'{a}s Szamuely},
       DOI = {10.1016/j.ansens.2004.11.001},
       URL = {https://doi.org/10.1016/j.ansens.2004.11.001},
}

@article {Chen_IteratedPathIntegrals,
    AUTHOR = {Chen, Kuo Tsai},
     TITLE = {Iterated path integrals},
   JOURNAL = {Bull. Amer. Math. Soc.},
  FJOURNAL = {Bulletin of the American Mathematical Society},
    VOLUME = {83},
      YEAR = {1977},
    NUMBER = {5},
     PAGES = {831--879},
      ISSN = {0002-9904},
   MRCLASS = {55D35 (58A99)},
  MRNUMBER = {454968},
MRREVIEWER = {Jean-Michel Lemaire},
       DOI = {10.1090/S0002-9904-1977-14320-6},
       URL = {https://doi.org/10.1090/S0002-9904-1977-14320-6},
}

@incollection {Hain_TheGeometryOfTheMixedHodgeStructureOnTheFundamentalGroup,
    AUTHOR = {Hain, Richard M.},
     TITLE = {The geometry of the mixed {H}odge structure on the fundamental
              group},
 BOOKTITLE = {Algebraic geometry, {B}owdoin, 1985 ({B}runswick, {M}aine,
              1985)},
    SERIES = {Proc. Sympos. Pure Math.},
    VOLUME = {46},
     PAGES = {247--282},
 PUBLISHER = {Amer. Math. Soc., Providence, RI},
      YEAR = {1987},
   MRCLASS = {14F40 (14C30 32C40 32G20 55P62 58A14)},
  MRNUMBER = {927984},
MRREVIEWER = {Toshitake Kohno},
       DOI = {10.1090/pspum/046.2/927984},
       URL = {https://doi.org/10.1090/pspum/046.2/927984},
}

@unpublished{FrancisBrown_SingleValuedHyperlogarithmsAndUnipotentDifferentialEquations,
author       = {Francis Brown},
title        = {Single-valued hyperlogarithms and unipotent differential equations},
note         = {Unpublished notes},
year         = {2004}
}

@book {Otto_LecturesOnRiemannSurfaces,
    AUTHOR = {Forster, Otto},
     TITLE = {Lectures on {R}iemann surfaces},
    SERIES = {Graduate Texts in Mathematics},
    VOLUME = {81},
      NOTE = {Translated from the 1977 German original by Bruce Gilligan,
              Reprint of the 1981 English translation},
 PUBLISHER = {Springer-Verlag, New York},
      YEAR = {1991},
     PAGES = {viii+254},
      ISBN = {0-387-90617-7},
   MRCLASS = {30Fxx (14H55 32-01)},
  MRNUMBER = {1185074},
}

@article {Goncharov_MultiplePolylogarithmsAndMixedTateMotives,
author = "Alexander Goncharov",
title = "Multiple polylogarithms and mixed {T}ate motives",
year = "2001",
Journal="arXiv:0103059"
}

@article {Radford_ANaturalRingBasisForTheShuffleAlgebraAndAnApplicationToGroupSchemes,
    AUTHOR = {Radford, David E.},
     TITLE = {A natural ring basis for the shuffle algebra and an
              application to group schemes},
   JOURNAL = {J. Algebra},
  FJOURNAL = {Journal of Algebra},
    VOLUME = {58},
      YEAR = {1979},
    NUMBER = {2},
     PAGES = {432--454},
      ISSN = {0021-8693},
   MRCLASS = {16A24 (14L15)},
  MRNUMBER = {540649},
MRREVIEWER = {E. J. Taft},
       DOI = {10.1016/0021-8693(79)90171-6},
       URL = {https://doi.org/10.1016/0021-8693(79)90171-6},
}

@book {Radford_HopfAlgebras,
    AUTHOR = {Radford, David E.},
     TITLE = {Hopf algebras},
    SERIES = {Series on Knots and Everything},
    VOLUME = {49},
 PUBLISHER = {World Scientific Publishing Co. Pte. Ltd., Hackensack, NJ},
      YEAR = {2012},
     PAGES = {xxii+559},
      ISBN = {978-981-4335-99-7; 981-4335-99-1},
   MRCLASS = {16-01 (16T05 16Txx)},
  MRNUMBER = {2894855},
MRREVIEWER = {Yorck Sommerh\"{a}user},
}

@article {Gangl_FromPolygonsAndSymbolsToPolylogarithmicFunctions,
    AUTHOR = {Duhr, Claude and Gangl, Herbert and Rhodes, John R.},
     TITLE = {From polygons and symbols to polylogarithmic functions},
   JOURNAL = {J. High Energy Phys.},
  FJOURNAL = {Journal of High Energy Physics},
      YEAR = {2012},
    NUMBER = {10},
     PAGES = {075, front matter + 77},
      ISSN = {1126-6708},
   MRCLASS = {81T60},
  MRNUMBER = {3033860},
MRREVIEWER = {\^{A}ngela Mestre},
       DOI = {10.1007/JHEP10(2012)075},
       URL = {https://doi.org/10.1007/JHEP10(2012)075},
}

@book {Deligne_EquationsDifferentiellesAPointsSinguliersReguliers,
    AUTHOR = {Deligne, Pierre},
     TITLE = {\'{E}quations diff\'{e}rentielles \`a points singuliers r\'{e}guliers},
    SERIES = {Lecture Notes in Mathematics, Vol. 163},
 PUBLISHER = {Springer-Verlag, Berlin-New York},
      YEAR = {1970},
     PAGES = {iii+133},
   MRCLASS = {14D05 (14C30)},
  MRNUMBER = {417174},
MRREVIEWER = {Helmut Hamm},
}

@article {Zhao_AnalyticContinuationOfMultiplePolylogarithms,
    AUTHOR = {Zhao, Jianqiang},
     TITLE = {Analytic continuation of multiple polylogarithms},
   JOURNAL = {Anal. Math.},
  FJOURNAL = {Analysis Mathematica},
    VOLUME = {33},
      YEAR = {2007},
    NUMBER = {4},
     PAGES = {301--323},
      ISSN = {0133-3852},
   MRCLASS = {11G55 (14D07 33B30)},
  MRNUMBER = {2357802},
MRREVIEWER = {Matilde N. Lal\'{\i}n},
       DOI = {10.1007/s10476-007-0404-7},
       URL = {https://doi.org/10.1007/s10476-007-0404-7},
}